%
% UWAGA: Żeby bibliografia działała gdy używamy TeXstudio, to należy dołączyć
% wykonywanie programu "bibtex" do opcji (w Options> Configure TeXstudio)
%
% Więcej informacji w poście:
% 	https://tex.stackexchange.com/a/216325
%
%
%
% Poniżej znajdują się przykładowe wpisy
%
% Aby użyć wpisu w kodzie .tex piszemy np:
% \cite{WhatEveryScientistShouldKnowAboutMemory}
% - to wykorzysta pierwszy z poniższych wpisów
%


% NIE ZROBIONE - NIE DOKOŃCZONE - BE
@article{LongTermMemory,
	author = {Piotr A. Woźniak, Edward J. Gorzelańczyk, Janusz A. Murakowski},
	title = {Two components of long-term memory },
	journal = {Neurobologiae Experimentals},
	issue_date = {1995},
	volume = {6},
	number = {4},
	month = dec,
	year = {1974},
	pages = {301--305},
	numpages = {5},
	url = {http://www.ane.pl/pdf/5535.pdf},
	acmid = {356640},
	publisher = {ACM},
	address = {New York, NY, USA},
}

@article{SpacingRepetition,
	author = {Jeroen G.W. Raaijmakers},
	title = {Spacing and repetition effects in human memory: application of the SAM mode},
	journal = {Neurobologiae Experimentals},
	issue_date = {1995},
	volume = {6},
	number = {4},
	month = dec,
	year = {1974},
	pages = {301--305},
	numpages = {5},
	url = {http://citeseerx.ist.psu.edu/viewdoc/download?doi=10.1.1.581.7467&rep=rep1&type=pdf},
	acmid = {356640},
	publisher = {ACM},
	address = {New York, NY, USA},
}

@online{ScalaWiki,
	title = {Scala (programming language)},
	url = {https://en.wikipedia.org/wiki/Scala_(programming_language)},
	urldate = {2017-01-02}
}

@online{HandsOnScalaPipeline,
	title = {Hands-on Scala.js : The Compilation Pipeline},
	url = {http://www.lihaoyi.com/hands-on-scala-js/#TheCompilationPipeline},
	urldate = {2017-01-02}
}

@online{ScalaCompilationProcess,
	title = {Compilation and optimization pipeline},
	url = {https://www.scala-js.org/doc/internals/compile-opt-pipeline.html},
	urldate = {2017-01-02}
}

@online{Closure,
	title = {Understanding the Restrictions Imposed by the Closure Compiler },
	url = {https://developers.google.com/closure/compiler/docs/limitations},
	urldate = {2017-01-02}
}

@online{ClosureCompiler,
	title = {Closure Compiler},
	url = {https://developers.google.com/closure/compiler/},
	urldate = {2017-01-02}
}

@online{SourceMaps,
	author = {Mozilla},
	title = {Use a source map},
	url = {https://developer.mozilla.org/en-US/docs/Tools/Debugger/How_to/Use_a_source_map},
	urldate = {2017-01-02}
}

@online{SourceMapProposal,
	author = {John Lenz, Nick Fitzgerald},
	title = {Source Map Revision 3 Proposal},
	url = {https://sourcemaps.info/spec.html},
	urldate = {2017-01-02}
}




@online{ScalaJS,
	title = {Scala.js},
	url = {http://www.scala-js.org/},
	urldate = {2017-01-02}
}

@online{ScalaTour,
	title = {Tour of Scala},
	url = {http://docs.scala-lang.org/tour/tour-of-scala.html)},
	urldate = {2017-01-02}
}

@online{HumanMemory,
	author = {Dr. Bruce Abbott's},
	title = {Human Memory},
	url = {http://users.ipfw.edu/abbott/120/Ebbinghaus.html},
	urldate = {2017-12-31}
}

@online{ForgettingCurve,
	author = {Dr. John Wittman},
	title = {The Forgetting Curve},
	url = {https://www.csustan.edu/sites/default/files/groups/Writing%20Program/forgetting_curve.pdf},
	urldate = {2017-12-31}
}

@online{NinjectGithub,
	title = {Ninject},
	url = {https://github.com/ninject/Ninject},
	urldate = {2017-12-31}
}

@online{MoqGithub,
	title = {Moq},
	url = {https://github.com/moq/moq},
	urldate = {2017-01-01}
}

@online{Sass,
	title = {Syntactically Awesome Style Sheets},
	url = {http://sass-lang.com/},
	urldate = {2017-01-01}
}

@online{SCSS,
	author = {Mozilla},
	title = {CSS - Dokumentacja},
	url = {https://developer.mozilla.org/pl/docs/Web/CSS},
	urldate = {2017-01-01}
}

@online{UnitTestingMicrosoft,
	author = {Microsoft},
	title = {Unit Testing: Testing the Inside},
	url = {https://msdn.microsoft.com/en-us/library/jj159340.aspx},
	urldate = {2017-01-01}
}


@online{RepositoryUnitOfWorkPattern,
	title = {Implementing the Repository and Unit of Work Patterns in an ASP.NET MVC Application (9 of 10)},
	url = {https://docs.microsoft.com/en-us/aspnet/mvc/overview/older-versions/getting-started-with-ef-5-using-mvc-4/implementing-the-repository-and-unit-of-work-patterns-in-an-asp-net-mvc-application},
	urldate = {2017-12-31}
}

@online{RepoPattern,
	author = {Microsoft},
	title = {The Repository Pattern},
	url = {https://msdn.microsoft.com/en-us/library/ff649690.aspx},
	urldate = {2017-12-31}
}

@online{JavaCompacting,
	title = {Java diagnostics guide - Understanding Memory Management},
	url = {https://docs.oracle.com/cd/E13150_01/jrockit_jvm/jrockit/geninfo/diagnos/garbage_collect.html\#wp1086917},
	urldate = {2015-12-06}
}

@manual{IntelOptimizationRefManual,
	title = {Intel\textsuperscript{®} 64 and IA-32 Architectures Optimization Reference Manual},
	url = {http://www.intel.com/content/dam/www/public/us/en/documents/manuals/64-ia-32-architectures-optimization-manual.pdf},
	chapter = {7},
	urldate = {2015-12-21},
}

@article{Knuth,
	author = {Knuth, Donald E.},
	title = {Structured Programming with Go to Statements},
	journal = {ACM Comput. Surv.},
	issue_date = {Dec. 1974},
	volume = {6},
	number = {4},
	month = dec,
	year = {1974},
	pages = {261--301},
	numpages = {41},
	url = {http://doi.acm.org/10.1145/356635.356640},
	acmid = {356640},
	publisher = {ACM},
	address = {New York, NY, USA},
}